
@article{almås2010,
	title = {Fairness and the Development of Inequality Acceptance},
	author = {{Almås}, Ingvild and Cappelen, Alexander W. and {Sørensen}, {Erik Ø} and Tungodden, Bertil},
	year = {2010},
	month = {05},
	date = {2010-05-28},
	journal = {Science},
	pages = {1176--1178},
	volume = {328},
	number = {5982},
	doi = {10.1126/science.1187300},
	url = {http://science.sciencemag.org/content/328/5982/1176},
	note = {PMID: 20508132},
	langid = {en}
}
